
@misc{pearson_cs410-510-nlp-project_2022,
	title = {{CS410}-510-{NLP}-project},
	url = {https://github.com/ForestPearson/CS410-510-NLP-project},
	author = {Pearson, Forest and Ressler, James and Chen, Ray and Weisman, Eben},
	month = nov,
	year = {2022},
	note = {original-date: 2022-10-25T17:02:26Z},
}

@misc{hoel_i_2021,
	title = {I {Got} an {Artificial} {Intelligence} to {Write} {My} {Novel}},
	url = {https://electricliterature.com/i-got-an-artificial-intelligence-to-write-my-novel/},
	abstract = {And it didn't do a better job than me—but we should maybe be worried that it didn't do much worse},
	language = {en-US},
	journal = {Electric Literature},
	author = {Hoel, Erik},
	month = jun,
	year = {2021},
}

@misc{yalcin_create_2021,
	title = {Create {Your} {Own} {Artificial} {Shakespeare} in 10 {Minutes} with {Natural} {Language} {Processing}},
	url = {https://towardsdatascience.com/create-your-own-artificial-shakespeare-in-10-minutes-with-natural-language-processing-1fde5edc8f28},
	abstract = {Generate Shakespearean style literary work using recurrent neural networks and Shakespeare corpus},
	language = {en},
	journal = {Medium},
	author = {Yalçın, Orhan G.},
	month = jan,
	year = {2021},
}

@misc{TDS_model,
	title = {Can {AI} write like {Shakespeare}?},
	url = {https://towardsdatascience.com/can-ai-write-like-shakespeare-de710befbfee},
	abstract = {“Many a true word hath been spoken in jest.”
― William Shakespeare, King Lear},
	language = {en},
	journal = {Medium},
	author = {Silipo, Rosaria},
	month = sep,
	year = {2019},
}

@misc{noauthor_open_nodate,
	title = {Open {Source} {Shakespeare}: search {Shakespeare}'s works, read the texts :{\textbar}: {Open} {Source} {Shakespeare}},
	url = {https://www.opensourceshakespeare.org/},
}

@misc{complete,
	title = {The {Complete} {Works} of {William} {Shakespeare}},
	url = {http://shakespeare.mit.edu/},
}

@misc{karpathy_unreasonable_nodate,
	title = {The {Unreasonable} {Effectiveness} of {Recurrent} {Neural} {Networks}},
	url = {http://karpathy.github.io/2015/05/21/rnn-effectiveness/},
	author = {Karpathy, Andrej},
	file = {The Unreasonable Effectiveness of Recurrent Neural Networks:C\:\\Users\\Eben\\Zotero\\storage\\MISJXEF6\\rnn-effectiveness.html:text/html},
}

@misc{brownlee_text_2016,
	title = {Text {Generation} {With} {LSTM} {Recurrent} {Neural} {Networks} in {Python} with {Keras}},
	url = {https://machinelearningmastery.com/text-generation-lstm-recurrent-neural-networks-python-keras/},
	abstract = {Recurrent neural networks can also be used as generative models. This means that in addition to being used for predictive models (making predictions), they can learn the sequences of a problem and then generate entirely new plausible sequences for the problem domain. Generative models like this are useful not only to study how well a […]},
	language = {en-US},
	journal = {MachineLearningMastery.com},
	author = {Brownlee, Jason},
	month = aug,
	year = {2016},
}

@misc{tensor_tutorial,
	title = {Text generation with an {RNN}},
	url = {https://www.tensorflow.org/text/tutorials/text_generation},
	language = {en},
	journal = {TensorFlow},
}

@misc{tensor,
	title = {Text processing tools for TensorFlow},
	url = {https://www.tensorflow.org/text},
	language = {en},
	journal = {TensorFlow},
}

@misc{fish_johnafishshakespeare_ai_2022,
	title = {johnafish/shakespeare\_ai},
	url = {https://github.com/johnafish/shakespeare_ai},
	author = {Fish, John},
	month = oct,
	year = {2022},
	note = {original-date: 2020-02-14T17:13:33Z},
}

@misc{noauthor_acl_nodate,
	title = {{ACL} {File} {Syntax}},
	url = {https://docs.oracle.com/cd/E19857-01/817-6247-10/agapacls.html},
}
